@BOOK{apa,
  title = {Publication Manual of the American Psychological Association},
  publisher = {APA},
  year = {2009},
  author = {APA},
  address = {Washington, DC, USA},
  edition = {6th}
}

@ARTICLE{Card1991,
  author = {Card, Stuart K. and Mackinlay, Jock D. and Robertson, George G.},
  title = {A morphological analysis of the design space of input devices},
  journal = {ACM Transactions on Information Systems},
  year = {1991},
  volume = {9},
  pages = {99--122},
  number = {2},
  month = {April},
  acmid = {128726},
  address = {New York, NY, USA},
  doi = {10.1145/123078.128726},
  issn = {1046-8188},
  issue_date = {April 1991},
  keywords = {design knowledge sytematization, design rationale, design space, input
	devices, morphological analysis, semantics},
  numpages = {24},
  publisher = {ACM},
  timestamp = {2012.12.05},
  url = {http://doi.acm.org/10.1145/123078.128726}
}

@INPROCEEDINGS{Card1990,
  author = {Card, Stuart K. and Mackinlay, Jock D. and Robertson, George G.},
  title = {The design space of input devices},
  booktitle = {Proceedings of the SIGCHI conference on Human factors in computing
	systems: Empowering people},
  year = {1990},
  series = {CHI '90},
  pages = {117--124},
  address = {New York, NY, USA},
  publisher = {ACM},
  acmid = {97263},
  doi = {10.1145/97243.97263},
  isbn = {0-201-50932-6},
  location = {Seattle, Washington, United States},
  numpages = {8},
  url = {http://doi.acm.org/10.1145/97243.97263}
}

@BOOK{Card1983,
  title = {The Psychology of Human-Computer Interaction},
  publisher = {Lawrence Erlbaum Associates},
  year = {1983},
  author = {S. K. Card and T. P. Thomas and A. Newall},
  address = {London},
  review = {ISBN: 0-89859-243-7}
}

@PATENT{Gillick1996,
  author = {Gillick, William G. and Lam, Clement C.},
  title = {Roller mouse for implementing scrolling in windows applications},
  nationality = {U.S.},
  number = {5,530,455},
  year = {1996},
  month = {June},
  yearfiled = {1994},
  monthfiled = {August},
  dayfiled = {10},
  yearissued = {1996},
  monthissued = {June},
  dayissued = {6},
  publisher = {U.S. Patent and Trademark Office},
  address = {Washington, DC}
}

@BOOK{Schwartz:1995:GBF,
  title = {Guidelines for Bias-Free Writing},
  publisher = {Indiana University Press},
  year = {1995},
  author = {Schwartz, Marilyn},
  location = {Bloomington, IN, USA}
}

@MISC{acm_categories,
  author = {ACM},
  title = {{How to Classify Works Using ACM's Computing Classification System}},
  note = {\url{http://www.acm.org/class/how_to_use.html}},
  year = {1998}
}

@MISC{acrobat,
  title = {{Adobe Acrobat}},
  note = {\url{http://www.adobe.com/products/acrobat/}},
  year = {2015}
}

